4267 6862
1475 487 2208 148 EXTRAICT DV

1949 693 1278 206 Priuilege du Roy.

1475 1017 2500 212 Ar grace & Priuilege du Roy il eſt

1493 1233 2480 176 permis à Tovssainct dv Bray,

1207 1407 2776 194 Marchand Libraire iuré à Paris, d'impri¬

1207 1577 2776 198 mer ou faire imprimer, vendre & distri¬

1207 1779 2772 148 buer vn Liure intitulé, Lettres du sieur de

1203 1953 2774 158 Balzac, & deffences ſont faictes à

1207 2141 2766 180 tous Libraires, Imprimeurs, & autres de

1211 2323 2762 176 ce Royaume, d’iceluy liure imprimer, con¬

1207 2503 2766 174 trefaire ny alterer, vendue & diſtribuer

1203 2677 2770 188 ſans le congé & permiſſion dudit du Bray,

1203 2865 2774 188 pendant le temps & eſpace de dix ans, à

1211 3047 2754 190 compter du iour & datte que ledit liure

1197 3231 2780 180 ſera acheué d’imprimer pour la premiere

1207 3409 2762 184 fois, à peine de mille liures d’amande en¬

1203 3571 2780 192 uers ledit du Bray, confiſcation des liures

1203 3771 2770 184 qui ſe treuuerõt auoir eſté imprimez d'au¬

1207 3955 2770 180 tre impreſſion, que de celle dudit ſuppliãt,

1207 4137 2766 180 auec tous ſes deſpens, dommages, & in¬

1215 4317 2758 180 tereſts, ainſi que plus amplement eſt con¬

1211 4495 2754 176 tenu & declaré eſdites lettres de Priuilege,

1207 4673 2752 190 données à Compiegne le troiſieſme iour

1211 4871 1162 166 de May, 1624.

1381 5151 1784 194 Par le Roy en ſon Conſeil.

2414 5474 448 176 Signé,

2853 5773 1032 130 RENOVARD.

1218 1029 234 366 P
