4267 6884
1069 207 2825 286 en toutes choſes, & qui n’exem¬

1070 463 2842 310 ptent pas meſme Horace & Vir¬

1076 739 2833 290 gile de leurs Cenſures, ie t’ad¬

1077 999 2837 254 uertis (Lecteur) de ne t'arreſter

1070 1247 2829 302 pas à leur opinion, ſi tu ne veux

1067 1515 2814 290 qu’on t'accuſe de foibleſſe, &

1065 1779 2809 278 de ne reprendre pas auec eux in¬

1070 2067 2817 250 continent, çe que tu trouue¬

1063 2299 2818 270 ras au deſſus de la portée de ton

1065 2551 2821 294 eſprit. Ce ſtile eſt ſi beau, ſi fort,

1070 2815 2809 318 & ſi net, qu’il ſurpaſſe au iuge¬

1063 3079 2809 230 ment des mieux ſenſez, l’elo¬

1057 3335 2813 290 quence de tous les ſiecles, & ſi

1042 3599 2829 270 tu t’efforces d'y chercher des de¬

1047 3859 2821 282 fauts, tu ne ſeras pas quitte pour

1052 4119 2818 286 eſtre eſtimé delicat, on dira que

1050 4390 1353 279 tu es deſgouté.

1946 32 1119 128 au Lecteur.
